@inproceedings{Reference1,
  author = {Tal Garfinkel and Mendel Rosenblum},
  title = {A Virtual Machine Introspection Based Architecture for Intrusion Detection},
  booktitle = {In Proc. Network and Distributed Systems Security Symposium},
  year = {2003},
  pages = {191--206}
}	
@inproceedings{Reference2,
  author = {Srivastava, Abhinav and Giffin, Jonathon},
  title = {Tamper-Resistant, Application-Aware Blocking of Malicious Network Connections},
  booktitle = {Proceedings of the 11th International Symposium on Recent Advances in Intrusion Detection},
  series = {RAID '08},
  year = {2008},
  isbn = {978-3-540-87402-7},
  location = {Cambridge, MA, USA},
  pages = {39--58},
  numpages = {20},
  url = {http://dx.doi.org/10.1007/978-3-540-87403-4_3},
  doi = {10.1007/978-3-540-87403-4_3},
  acmid = {1433011},
  publisher = {Springer-Verlag},
  address = {Berlin, Heidelberg},
  keywords = {Firewall, attack prevention, virtual machine introspection}
}
@inproceedings{Reference3,
 author = {Hizver, Jennia and Chiueh, Tzi-cker},
 title = {Real-time Deep Virtual Machine Introspection and Its Applications},
 booktitle = {Proceedings of the 10th ACM SIGPLAN/SIGOPS International Conference on Virtual Execution Environments},
 series = {VEE '14},
 year = {2014},
 isbn = {978-1-4503-2764-0},
 location = {Salt Lake City, Utah, USA},
 pages = {3--14},
 numpages = {12},
 url = {http://doi.acm.org/10.1145/2576195.2576196},
 doi = {10.1145/2576195.2576196},
 acmid = {2576196},
 publisher = {ACM},
 address = {New York, NY, USA},
 keywords = {forensics, performance, security monitoring, virtual machine introspection}
}

@inproceedings{Reference4,
    author = {Stephen T. Jones and Andrea C. Arpaci-dusseau and Remzi H. Arpaci-dusseau},
    title = {Antfarm: Tracking Processes in a Virtual Machine Environment},
    booktitle = {in Proc. of the USENIX Annual Technical Conf},
    year = {2006}
}

@inproceedings{Reference5,
  author = {Jonas Pfoh and Christian Schneider and Claudia Eckert},
  title = {A Formal Model for Virtual Machine Introspection},
  booktitle = {Proceedings of the 2nd Workshop on Virtual Machine Security (VMSec '09)},
  year = {2009},
  pages = {1--10},
  publisher = {ACM Press},
  address = {Chicago, Illinois, USA},
  month = {nov},
  doi = {http://doi.acm.org/10.1145/1655148.1655150},
  url = {https://www.sec.in.tum.de/assets/staff/pfoh/PfohSchneider2009a.pdf}
}

@techreport{Reference6,
  author = {B.D.Payne},
  title = {Simplifying Virtual Machine Introspection Using LibVMI},
  institution = {Sandia National Laboratories},
  url = {http://prod.sandia.gov/techlib/access-control.cgi/2012/127818.pdf},
  year = {2012}
}

@article{Reference7,
  author = {Jonas Pfoh},
  title = {Leveraging Derivative Virtual Machine Introspection Methods for Security Applications},
  institution = {Technische Universität München},
  type = {Ph.D. Thesis},
  year = {2013}
}

@incollection{Reference8,
  author = {Jonas Pfoh and Christian Schneider and Claudia Eckert},
  title = {Nitro: Hardware-based System Call Tracing for Virtual Machines},
  booktitle = {Advances in Information and Computer Security},
  publisher = {Springer},
  year = {2011},
  volume = {7038},
  series = {Lecture Notes in Computer Science},
  pages = {96--112},
  month = {nov},
  doi = {http://dx.doi.org/10.1007/978-3-642-25141-2_7},
  url = {http://www.sec.in.tum.de/assets/staff/pfoh/PfohSchneider2011a.pdf}
}

@inproceedings{Reference9,
 author = {Jones, Stephen T. and Arpaci-Dusseau, Andrea C. and Arpaci-Dusseau, Remzi H.},
 title = {VMM-based Hidden Process Detection and Identification Using Lycosid},
 booktitle = {Proceedings of the Fourth ACM SIGPLAN/SIGOPS International Conference on Virtual Execution Environments},
 series = {VEE '08},
 year = {2008},
 isbn = {978-1-59593-796-4},
 location = {Seattle, WA, USA},
 pages = {91--100},
 numpages = {10},
 url = {http://doi.acm.org/10.1145/1346256.1346269},
 doi = {10.1145/1346256.1346269},
 acmid = {1346269},
 publisher = {ACM},
 address = {New York, NY, USA}
} 

@article{Reference10,
 author = {Hay, Brian and Nance, Kara},
 title = {Forensics Examination of Volatile System Data Using Virtual Introspection},
 journal = {SIGOPS Oper. Syst. Rev.},
 issue_date = {April 2008},
 volume = {42},
 number = {3},
 year = {2008},
 issn = {0163-5980},
 pages = {74--82},
 numpages = {9},
 url = {http://doi.acm.org/10.1145/1368506.1368517},
 doi = {10.1145/1368506.1368517}
}

@inproceedings{Reference11,
  author = {Payne, Bryan D. and Lee, Wenke},
  title = {Secure and Flexible Monitoring of Virtual Machines.},
  booktitle = {ACSAC},
  crossref = {conf/acsac/2007},
  date = {2008-03-03},
  pages = {385-397},
  publisher = {IEEE Computer Society}
}

@article{Reference12,
title = {LibVMI},
url = {https://code.google.com/p/vmitools/}
}

@article{Reference13,
title = {Volatility},
url = {https://code.google.com/p/volatility/}
}

@incollection{Reference14,
  author = {Christian Schneider and Jonas Pfoh and Claudia Eckert},
  title = {A Universal Semantic Bridge for Virtual Machine Introspection},
  booktitle = {Information Systems Security},
  publisher = {Springer},
  year = {2011},
  editor = {Jajodia, Sushil and Mazumdar, Chandan},
  volume = {7093},
  series = {Lecture Notes in Computer Science},
  pages = {370--373}
}

@inproceedings{Reference15,
  author = {Christian Schneider and Jonas Pfoh and Claudia Eckert},
  title = {Bridging the Semantic Gap Through Static Code Analysis},
  booktitle = {Proceedings of {EuroSec}'12, 5th European Workshop on System Security},
  year = {2012},
  publisher = {ACM Press},
  url = {https://www.sec.in.tum.de/assets/staff/schneider/eurosec_schneider2012.pdf}
}

@misc{Reference16,
  title = {Insight-VMI},
  howpublished= {\url{https://code.google.com/p/insight-vmi/}}
}

@inproceedings{Reference17,
  author = {Jonas Pfoh and Christian Schneider and Claudia Eckert},
  title = {Exploiting the x86 Architecture to Derive Virtual Machine State Information},
  booktitle = {Proceedings of the Fourth International Conference on Emerging Security Information, Systems and Technologies (SECURWARE 2010)},
  year = {2010},
  pages = {166--175},
  publisher = {IEEE Computer Society},
  address = {Venice, Italy},
  url = {http://www.sec.in.tum.de/assets/Uploads/securware2010.pdf}
}

@article{Reference18,
  title = {Kernel-based Virtual Machine},
  url = {http://en.wikipedia.org/wiki/Kernel-based_Virtual_Machine}
}

@article{Reference19,
  title = {Virtual Networking},
  url = {https://access.redhat.com/site/documentation/en-US/Red_Hat_Enterprise_Linux/6/html/Virtualization_Administration_Guide/chap-Virtualization_Administration_Guide-Virtual_Networking.html}
}

@misc{Reference20,
  title = {What is KVM virtualization in Linux?},
  howpublished = {\url{http://www.linuxnix.com/2013/02/what-is-kvm-virtualization-in-linux.html}}
}

@article{Reference21,
  title = {Ebtables Community Developers},
  url = {http://ebtables.sourceforge.net/}  
}









